@article{KokorisKogias2017OmniLedgerAS,
  title={OmniLedger: A Secure, Scale-Out, Decentralized Ledger},
  author={Eleftherios Kokoris-Kogias and Philipp Jovanovic and Linus Gasser and Nicolas Gailly and Bryan Ford},
  journal={IACR Cryptology ePrint Archive},
  year={2017},
  volume={2017},
  pages={406}
}

@article{Kokoris-Kogias:220209,
      title = {Enhancing Bitcoin Security and Performance with Strong  Consistency via Collective Signing},
      author = {Kokoris-Kogias, Lefteris and Jovanovic, Philipp Svetolik  and Gailly, Nicolas and Khoffi, Ismail and Gasser, Linus  and Ford, Bryan},
      publisher = {Usenix Assoc},
      journal = {Proceedings Of The 25Th Usenix Security Symposium},
      address = {Berkeley},
      pages = {18. 279-296},
      year = {2016},
}


@article{nakamoto2008bitcoin,
  title={Bitcoin: A peer-to-peer electronic cash system},
  author={Nakamoto, Satoshi},
  year={2008}
}

@inproceedings{croman2016scaling,
  title={On scaling decentralized blockchains},
  author={Croman, Kyle and Decker, Christian and Eyal, Ittay and Gencer, Adem Efe and Juels, Ari and Kosba, Ahmed and Miller, Andrew and Saxena, Prateek and Shi, Elaine and Sirer, Emin G{\"u}n and others},
  booktitle={International Conference on Financial Cryptography and Data Security},
  pages={106--125},
  year={2016},
  organization={Springer}
}

@inproceedings{castro1999practical,
  title={Practical Byzantine fault tolerance},
  author={Castro, Miguel and Liskov, Barbara and others},
  booktitle={OSDI},
  volume={99},
  pages={173--186},
  year={1999}
}


@article{Syta:221010,
      title = {Keeping Authorities “Honest or Bust” with  Decentralized Witness Cosigning},
      author = {Syta, Ewa and Tamas, Iulia and Visher, Dylan and Wolinsky,  David and Jovanovic, Philipp Svetolik and Gasser, Linus and  Gailly, Nicolas and Khoffi, Ismail and Ford, Bryan  Alexander},
      publisher = {Ieee},
      journal = {2016 Ieee Symposium On Security And Privacy (Sp)},
      address = {New York},
      series = {IEEE Symposium on Security and Privacy},
      pages = {20. 526-545},
      year = {2016},
}

@inproceedings{syta2017randhound,
  title={Scalable bias-resistant distributed randomness},
  author={Syta, Ewa and Jovanovic, Philipp and Kogias, Eleftherios Kokoris and Gailly, Nicolas and Gasser, Linus and Khoffi, Ismail and Fischer, Michael J and Ford, Bryan},
  booktitle={Security and Privacy (SP), 2017 IEEE Symposium on},
  pages={444--460},
  year={2017},
  organization={Ieee}
}

@inproceedings{nikitin2017chainiac,
  title={CHAINIAC: Proactive software-update transparency via collectively signed skipchains and verified builds},
  author={Nikitin, Kirill and Kokoris-Kogias, Eleftherios and Jovanovic, Philipp and Gailly, Nicolas and Gasser, Linus and Khoffi, Ismail and Cappos, Justin and Ford, Bryan},
  booktitle={26th USENIX Security Symposium (USENIX Security 17)},
  pages={1271--1287},
  year={2017}
}

@article{kokorishidden,
  title={Hidden in Plain Sight: Storing and Managing Secrets on a Public Ledger},
  author={Kokoris-Kogias, Eleftherios and Alp, Enis Ceyhun and Siby, Sandra Deepthy and Gailly, Nicolas and Jovanovic, Philipp and Gasser, Linus and Ford, Bryan}
}

@article{ford2007pseudonym,
  title={Pseudonym parties: An offline foundation for online accountability},
  author={Ford, Bryan},
  journal={Unpublished manuscript},
  year={2007}
}



@misc{golang,
  title={The Go Programming Language},
  howpublished="\url{https://golang.org}",
  urldate={2018-06-8}
}

@misc{coth,
  title={The Cothority Framework},
  howpublished="\url{https://github.com/dedis/cothority}",
  urldate={2018-06-8}
}

@misc{omni,
  title={OmniLedger},
  howpublished="\url{https://github.com/dedis/student_18_omniledger}",
  urldate={2018-06-8}
}

@misc{bbolt,
  title={bbolt},
  howpublished="\url{https://github.com/coreos/bbolt}",
  urldate={2018-06-8}
}

@misc{goinstall,
  title={Go Installation Guide},
  howpublished="\url{https://golang.org/doc/install}",
  urldate={2018-06-8}
}
