@inproceedings{Toreini2016RemovingTT,
  title={Removing Trusted Tallying Authorities Self-Enforcing E-Voting over Ethereum},
  author={Ehsan Toreini and Maryam Mehrnezhad},
  year={2016}
}

@misc{cryptoeprint:2018:209,
    author = {Eleftherios Kokoris-Kogias and Enis Ceyhun Alp and Sandra Deepthy Siby and Nicolas Gailly and Linus Gasser and Philipp Jovanovic and Ewa Syta and Bryan Ford},
    title = {CALYPSO: Auditable Sharing of Private Data over Blockchains},
    howpublished = {Cryptology ePrint Archive, Report 2018/209},
    year = {2018},
    note = {https://eprint.iacr.org/2018/209},
}