@Article{bitcoin,
    author = {Satoshi Nakamoto},
    title = {Bitcoin: A peer-to-peer electronic cash system},
    year = {2009},
    url = {http://www.bitcoin.org/bitcoin.pdf}
}

@InProceedings{PBFT,
	author = {Miguel Castro and Barbara Liskov},
	title  = {Practical Byzantine Fault Tolerance}, 
	booktitle = {Proceedings of the Third Symposium on Operating Systems Design and Implementation. OSDI ’99. New Orleans, Louisiana, USA: USENIX Association},
	year  = {1999},
	pages = {173--186},
	isbn  = {1-880446-39-1},
	url   = {http://dl.acm.org/citation.cfm?id=296806.296824}
}

@InProceedings{bls,
	author = {Dan Boneh, Ben Lynn, and Hovav Shacham},
	title = {Short Signatures from the Weil Pairing},
	booketitle = {Proceedings of the 7th International Conference on the Theory and Application of Cryptology and Information Security: Advances in Cryptology. ASIACRYPT ’01 Berlin, Heidelberg},
	publisher = {Springer-Verlag},
	year = {2001},
	pages = {514--532},
	isbn = {3-540-42987-5},
	url = {http://dl.acm.org/citation.cfm?id=647097.717005}
}

@article{cosi, title={Keeping Authorities "Honest or Bust" with Decentralized Witness Cosigning}, DOI={10.1109/sp.2016.38}, journal={2016 IEEE Symposium on Security and Privacy (SP)}, author={Syta, Ewa and Tamas, Iulia and Visher, Dylan and Wolinsky, David Isaac and Jovanovic, Philipp and Gasser, Linus and Gailly, Nicolas and Khoffi, Ismail and Ford, Bryan}, year={2016}}

@misc{byzcoin,
	title={Poster: Bitcoin Meets Collective Signing},
	 note={\url{http://www.ieee-security.org/TC/SP2016/poster-abstracts/16-poster_abstract.pdf}}}

@misc{schnorr, title={Schnorr signature}, note={\url{https://en.wikipedia.org/wiki/Schnorr_signature}}, journal={Wikipedia}, publisher={Wikimedia Foundation}, year={2019}, month={Jan}}

@misc{merkel, title={Merkle tree}, note={\url{https://en.wikipedia.org/wiki/Merkle_tree}}, journal={Wikipedia}, publisher={Wikimedia Foundation}, year={2018}, month={Dec}}

@Article{bgp,
	author = {Lamport, Leslie and Shostak, Robert and Pease, Marshall},
	title = {The Byzantine Generals Problem},
	year = {1982},
	month = {July},
	url = {https://www.microsoft.com/en-us/research/publication/byzantine-generals-problem/},
	pages = {382-401},
	journal = {ACM Transactions on Programming Languages and Systems},
}


@misc{51, title={Cost of a 51\% attack}, note={\url{https://gobitcoin.io/tools/cost-51-attack/}}, journal={Wikipedia}, publisher={Wikimedia Foundation}, year={2019}, month={Jan}}


@misc{deterlab,
	title={DeterLab network security testbed},
	note = {\url{http:// isi.deterlab.net/}},
	year={2019}, month={Jan}}
	

}

@article{bn256, title={New Software Speed Records for Cryptographic Pairings}, DOI={10.1007/978-3-642-14712-8_7}, journal={Lecture Notes in Computer Science Progress in Cryptology – LATINCRYPT 2010}, author={Naehrig, Michael and Niederhagen, Ruben and Schwabe, Peter}, year={2010}, pages={109–123}}